<?xml version="1.0" encoding="UTF-8"?><collection xmlns="http://www.loc.gov/MARC21/slim"><record><leader>00375nam--2200133-i-4500</leader><controlfield tag="001">000016017</controlfield><controlfield tag="002">20161230</controlfield><controlfield tag="005">20161230201031</controlfield><controlfield tag="008">060222s1000------------r-----000-0-eng-d</controlfield><datafield ind1=" " ind2=" " tag="100"><subfield code="a">Bjorkstam, John L</subfield></datafield><datafield ind1=" " ind2=" " tag="245"><subfield code="a">Uehling, edwin a</subfield></datafield><datafield ind1=" " ind2=" " tag="260"><subfield code="a">The Deuteron Magnetic Resonance Spectrum And Relaxation In Kd2po4</subfield></datafield><datafield ind1=" " ind2=" " tag="490"><subfield code="a">Washington, University, 1959. 19 P</subfield></datafield><datafield ind1=" " ind2=" " tag="852"><subfield code="a">543.22.25</subfield></datafield></record></collection>